@book{Goodfellow-et-al-2016,
    title={Deep Learning},
    author={Ian Goodfellow and Yoshua Bengio and Aaron Courville},
    publisher={MIT Press},
    note={\url{http://www.deeplearningbook.org}},
    year={2016}
}

@misc{LectureA,
  Author = {Zorzi, Marco},
  Institution = {Università di Padova},
  Howpublished = {University Lecture},
  Year = {2023},
  Title = {La computazione neurale}
}

@online{site:agile-manifesto,
    title   = {Manifesto Agile},
    url     = {http://agilemanifesto.org/iso/it/}
}

@online{site:why-resnet,
    title   = {Understanding ResNet: A Milestone in Deep Learning and Image Recognition},
    url     = {https://www.ikomia.ai/blog/mastering-resnet-deep-learning-image-recognition}
}

@online{site:machine-learning,
    title   = {Machine learning, deep learning e reti neurali},
    url     = {https://www.ibm.com/it-it/topics/machine-learning}
}

@online{site:k-means,
    title   = {Cos'è il k-means clustering?},
    url     = {https://www.ibm.com/it-it/topics/k-means-clustering}
}

@online{site:PCA,
    title   = {Cos'è l'analisi delle componenti principali (PCA)?},
    url     = {https://www.ibm.com/it-it/topics/principal-component-analysis}
}

@online{site:rete-neurale,
    title   = {Cos'è una rete neurale?},
    url     = {https://aws.amazon.com/it/what-is/neural-network/}
}

@online{site:iris-dataset,
    title   = {Iris dataset},
    url     = {https://archive.ics.uci.edu/dataset/53/iris}
}

@online{site:spaziodev,
    title   = {Spazio Dev},
    url     = {https://spaziodev.eu/}
}

@online{site:relai,
    title   = {RelAI},
    url     = {https://tessere.spaziodev.eu/}
}

@online{site:agile,
    title   = {Agile},
    url     = {https://www.atlassian.com/it/agile}
}

@online{site:plane,
    title   = {Plane},
    url     = {https://plane.so/}
}

@online{site:telegram,
    title   = {Telegram},
    url     = {https://telegram.org/}
}

@online{site:git,
    title   = {Git},
    url     = {https://git-scm.com/}
}

@online{site:commits,
    title   = {Conventional Commits},
    url     = {https://www.conventionalcommits.org/en/v1.0.0/}
}

@online{site:gitflow,
    title   = {Git Flow},
    url     = {https://www.atlassian.com/git/tutorials/comparing-workflows/gitflow-workflow}
}

@online{site:visualstudio,
    title   = {Visual Studio Code},
    url     = {https://code.visualstudio.com/}
}

@online{site:phpmyadmin,
    title   = {phpMyAdmin},
    url     = {https://www.phpmyadmin.net/}
}

@online{site:remoteripple,
    title   = {Remote Ripple},
    url     = {https://remoteripple.com/}
}

@online{site:python,
    title   = {Python},
    url     = {https://www.python.org/}
}

@online{site:tensorflow,
    title   = {Tensorflow},
    url     = {https://www.tensorflow.org/?hl=it}
}

@online{site:keras,
    title   = {Keras},
    url     = {https://keras.io/}
}

@online{site:scikit,
    title   = {Scikit-learn},
    url     = {https://scikit-learn.org/stable/index.html}
}

@online{site:matplotlib,
    title   = {Matplotlib},
    url     = {https://matplotlib.org/}
}

@online{site:numpy,
    title   = {Numpy},
    url     = {https://numpy.org/}
}

@online{site:opencv,
    title   = {OpenCV},
    url     = {https://opencv.org/get-started/}
}

@online{site:cuda,
    title   = {CUDA},
    url     = {https://developer.nvidia.com/cuda-toolkit}
}

@online{site:docker,
    title   = {Docker},
    url     = {https://www.docker.com/}
}

@online{site:ddev,
    title   = {DDEV},
    url     = {https://ddev.com/}
}

@online{site:wsl,
    title   = {WSL},
    url     = {https://learn.microsoft.com/it-it/windows/wsl/install}
}

@online{site:laravel,
    title   = {Laravel},
    url     = {https://laravel.com/}
}

@online{site:filament,
    title   = {Filament},
    url     = {https://filamentphp.com/}
}

@online{site:mysql,
    title   = {MySQL},
    url     = {https://www.mysql.com/it/}
}
